@article{abbott_2016,
      
	title = {The basic physics of the binary black hole merger {GW}150914},

    author = {B. P. Abbott and R. Abbott and T. D. Abbott and  M. R. Abernathy},
  
	url = {https://doi.org/10.1002%2Fandp.201600209},
  
	year = 2016,
  
    journal = {Annalen der Physik},

	volume = {529},
}

@article{abbott_2022,
      
	title = {The population of merging compact binaries inferred using gravitational waves through GWTC-3},

    author = {R. Abbott and T. D. Abbott and F. Acernese and K. Ackley},
  
	url = {https://doi.org/10.48550/arXiv.2111.03634},
  
	year = 2022,
}

@article{Gerosa_2018,

	title = {Spin orientations of merging black holes formed from the evolution of stellar binaries},

    author = {Davide Gerosa and Emanuele Berti and Richard O'Shaughnessy and Krzysztof Belczynski and Michael Kesden and Daniel Wysocki and Wojciech Gladysz},
  
	url = {https://doi.org/10.1103%2Fphysrevd.98.084036},
  
	year = 2018,
  
	journal = {Physical Review D},
  
	volume = {98},
}

@article{Mandel_2022,

    title = {Merging stellar-mass binary black holes},

    author = {Ilya Mandel and Alison Farmer},
  
	url = {https://doi.org/10.1016%2Fj.physrep.2022.01.003},
  
	year = 2022,
  
	journal = {Physics Reports},
  
	volume = {955},
}

@article{Gerosa_2021,

    title = {A generalized precession parameter $\chi_p$ to interpret gravitational-wave data},

    author = {Davide Gerosa and Matthew Mould and Daria Gangardt and Patricia Schmidt and Geraint Pratten and Lucy M. Thomas},

	url = {https://doi.org/10.1103%2Fphysrevd.103.064067},
  
	year = 2021,
  
    journal = {Physical Review D},
  
	volume = {103},
}

@article{De_Renzis_2022,
	title = {Characterization of merging black holes with two precessing spins},

    author = {De Renzis, Viola  and Davide Gerosa and Geraint Pratten and Patricia Schmidt and Matthew Mould},
  
	url = {https://doi.org/10.1103%2Fphysrevd.106.084040},
  
	year = 2022,
  
	journal = {Physical Review D},
  
	volume = {106},
}

@article{Gerosa_2023,

    title = {Efficient multi-timescale dynamics of precessing black-hole binaries},

	author = {Davide Gerosa and Giulia Fumagalli and Matthew Mould and Giovanni Cavallotto and Diego Padilla Monroy and Daria Gangardt and Viola De Renzis},
  
	url = {https://doi.org/10.1103%2Fphysrevd.108.024042},
  
	year = 2023,
  
	journal = {Physical Review D},
  
	volume = {108},	
}

@article{Gerosa_2016,

    title = {PRECESSION: Dynamics of spinning black-hole binaries with python},

	author = {Davide Gerosa and Michael Kesden},
  
	url = {https://doi.org/10.1103%2Fphysrevd.93.124066},
  
	year = 2016,
  
	journal = {Physical Review D},
  
	volume = {93},	
}

@article{Steinle_2021,

    title = {Pathways for producing binary black holes with large misaligned spins in the isolated formation channel},

	author = {Nathan Steinle and Michael Kesden},
  
	url = {https://doi.org/10.1103%2Fphysrevd.103.063032},
  
	year = 2021,
  
	journal = {Physical Review D},
  
	volume = {103},	
}

@article{apostolatos1994,

  title = {Spin-induced orbital precession and its modulation of the gravitational waveforms from merging binaries},

  author = {Apostolatos, Theocharis A. and Cutler, Curt and Sussman, Gerald J. and Thorne, Kip S.},

  journal = {Phys. Rev. D},

  volume = {49},

  year = 1994,

  url = {https://link.aps.org/doi/10.1103/PhysRevD.49.6274}
}

@ARTICLE{simmons1988,

  author={Simmons, A.B. and Chappell, S.G.},

  journal={IEEE Journal of Oceanic Engineering}, 

  title= {Artificial intelligence-definition and practice}, 

  year=1988,

  volume={13},

  url = {https://ieeexplore.ieee.org/abstract/document/551},
  
  doi={10.1109/48.551}}


@article{tensorflow,
title={ {TensorFlow}: Large-Scale Machine Learning on Heterogeneous Systems},
url={https://www.tensorflow.org/},
note={Software available from tensorflow.org},
author={
    Mart\'{i}n~Abadi and
    Ashish~Agarwal and
    Paul~Barham and
    Eugene~Brevdo and
    Zhifeng~Chen and
    Craig~Citro and
    Greg~S.~Corrado and
    Andy~Davis and
    Jeffrey~Dean and
    Matthieu~Devin and
    Sanjay~Ghemawat and
    Ian~Goodfellow and
    Andrew~Harp and
    Geoffrey~Irving and
    Michael~Isard and
    Yangqing Jia and
    Rafal~Jozefowicz and
    Lukasz~Kaiser and
    Manjunath~Kudlur and
    Josh~Levenberg and
    Dandelion~Man\'{e} and
    Rajat~Monga and
    Sherry~Moore and
    Derek~Murray and
    Chris~Olah and
    Mike~Schuster and
    Jonathon~Shlens and
    Benoit~Steiner and
    Ilya~Sutskever and
    Kunal~Talwar and
    Paul~Tucker and
    Vincent~Vanhoucke and
    Vijay~Vasudevan and
    Fernanda~Vi\'{e}gas and
    Oriol~Vinyals and
    Pete~Warden and
    Martin~Wattenberg and
    Martin~Wicke and
    Yuan~Yu and
    Xiaoqiang~Zheng},
  year={2015},
}


@article{keras,
  title={Keras},
  author={Chollet, Fran\c{c}ois and others},
  year={2015},
  url={https://keras.io},
}


@article{kerastuner,
	title        = {Keras {Tuner}},
	author       = {O'Malley, Tom and Bursztein, Elie and Long, James and Chollet, Fran\c{c}ois and Jin, Haifeng and Invernizzi, Luca and others},
	year         = 2019,
	url = {https://github.com/keras-team/keras-tuner}
}


@article{gplearn,
	title        = {gplearn},
	author       = {Stephens, Trevor},
	year         = 2016,
	url = {https://gplearn.readthedocs.io/en/stable/}
}


@article{NNfigure,
    title = {The Neural Network Input-Process-Output Mechanism},
    author = {James McCaffrey},
    year = 2013,
	url = {https://visualstudiomagazine.com/articles/2013/05/01/neural-network-feed-forward.aspx}
}


@article{adam,
      title={Adam: A Method for Stochastic Optimization}, 
      author={Diederik P. Kingma and Jimmy Ba},
      year=2017,
      url = {https://doi.org/10.48550/arXiv.1412.6980}
}


@article{keras_losses,
      title={Keras loss functions}, 
      year=2023,
      url = {https://keras.io/api/losses/}
}

@article{keras_activations,
      title={Keras activation functions}, 
      year=2023,
      url = {https://keras.io/api/layers/activations/}
}

@article{keras_optimizers,
      title={Keras optimization algorithms}, 
      year=2023,
      url = {https://keras.io/api/optimizers/}
}






