@article{Kennicutt_1998,
   title={The Global Schmidt Law in Star‐forming Galaxies},
   volume={498},
   ISSN={1538-4357},
   url={http://dx.doi.org/10.1086/305588},
   DOI={10.1086/305588},
   number={2},
   journal={The Astrophysical Journal},
   publisher={American Astronomical Society},
   author={Kennicutt, Jr., Robert C.},
   year={1998},
   month=may, pages={541–552} }

