@article{Kennicutt_1998,
      
	title = {The Global Schmidt Law in Star-Forming Galaxies},

    author = {Kennicutt, Jr., Robert C.},
  
	url = {http://dx.doi.org/10.1086/305588},
  
	year = 1998,
  
    journal = {The Astrophysical Journal},

	volume = {498},
}

