@article{Kauffmann_2003,
   title={The dependence of star formation history and internal structure on stellar mass for 105low-redshift galaxies},
   volume={341},
   ISSN={1365-2966},
   url={http://dx.doi.org/10.1046/j.1365-8711.2003.06292.x},
   DOI={10.1046/j.1365-8711.2003.06292.x},
   number={1},
   journal={MNRAS},
   publisher={Oxford University Press (OUP)},
   author={Kauffmann, Guinevere and Heckman, Timothy M. and White, Simon D. M. and Charlot, Stéphane and Tremonti, Christy and Peng, Eric W. and Seibert, Mark and Brinkmann, Jon and Nichol, Robert C. and SubbaRao, Mark and York, Don},
   year={2003},
   month=may, pages={54–69} }


@incollection{galaxy_formation_and_evolution_2010,
   author = {{Mo}, Houjun and {van den Bosch}, Frank C. and {White}, Simon},
   publisher = "Cambridge University Press",
   title = "{Galaxy Formation and Evolution}",
   year = 2010,
   adsurl = {https://ui.adsabs.harvard.edu/abs/2010gfe..book.....M},
   adsnote = {Provided by the SAO/NASA Astrophysics Data System},
   chaper = 8.4
}


@article{Kennicutt_1998,
   title={The Global Schmidt Law in Star‐forming Galaxies},
   volume={498},
   ISSN={1538-4357},
   url={http://dx.doi.org/10.1086/305588},
   DOI={10.1086/305588},
   number={2},
   journal={The Astrophysical Journal},
   publisher={American Astronomical Society},
   author={Kennicutt, Jr., Robert C.},
   year={1998},
   month=may, pages={541–552} }


@article{McBride_2009,
   title={Mass accretion rates and histories of dark matter haloes},
   volume={398},
   ISSN={1365-2966},
   url={http://dx.doi.org/10.1111/j.1365-2966.2009.15329.x},
   DOI={10.1111/j.1365-2966.2009.15329.x},
   number={4},
   journal={MNRAS},
   publisher={Oxford University Press (OUP)},
   author={McBride, James and Fakhouri, Onsi and Ma, Chung-Pei},
   year={2009},
   month=oct, pages={1858–1868} }


@article{Moster_2012,
   title={Galactic star formation and accretion histories from matching galaxies to dark matter haloes},
   volume={428},
   ISSN={1365-2966},
   url={http://dx.doi.org/10.1093/mnras/sts261},
   DOI={10.1093/mnras/sts261},
   number={4},
   journal={MNRAS},
   publisher={Oxford University Press (OUP)},
   author={Moster, Benjamin P. and Naab, Thorsten and White, Simon D. M.},
   year={2012},
   month=dec, pages={3121–3138} }


@article{Dave_2011,
   title={An analytic model for the evolution of the stellar, gas and metal content of galaxies: An analytic model for galaxy evolution},
   ISSN={0035-8711},
   url={http://dx.doi.org/10.1111/j.1365-2966.2011.20148.x},
   DOI={10.1111/j.1365-2966.2011.20148.x},
   journal={MNRAS},
   publisher={Oxford University Press (OUP)},
   author={Davé, Romeel and Finlator, Kristian and Oppenheimer, Benjamin D.},
   year={2011},
   month=dec, pages={no-no} }
