@article{Kauffmann_2003,
   title={The dependence of star formation history and internal structure on stellar mass for 105low-redshift galaxies},
   volume={341},
   ISSN={1365-2966},
   url={http://dx.doi.org/10.1046/j.1365-8711.2003.06292.x},
   DOI={10.1046/j.1365-8711.2003.06292.x},
   number={1},
   journal={MNRAS},
   publisher={Oxford University Press (OUP)},
   author={Kauffmann, Guinevere and Heckman, Timothy M. and White, Simon D. M. and Charlot, Stéphane and Tremonti, Christy and Peng, Eric W. and Seibert, Mark and Brinkmann, Jon and Nichol, Robert C. and SubbaRao, Mark and York, Don},
   year={2003},
   month=may, pages={54–69} }


@BOOK{galaxy_formation_and_evolution_2010,
   author = {{Mo}, Houjun and {van den Bosch}, Frank C. and {White}, Simon},
   publisher = "Cambridge University Press",
   title = "{Galaxy Formation and Evolution}",
   year = 2010,
   adsurl = {https://ui.adsabs.harvard.edu/abs/2010gfe..book.....M},
   adsnote = {Provided by the SAO/NASA Astrophysics Data System}
}


@article{Chabrier_2003,
   title={Galactic Stellar and Substellar Initial Mass Function},
   volume={115},
   ISSN={1538-3873},
   url={http://dx.doi.org/10.1086/376392},
   DOI={10.1086/376392},
   number={809},
   journal={Publications of the Astronomical Society of the Pacific},
   publisher={IOP Publishing},
   author={Chabrier, Gilles},
   year={2003},
   month=jul, pages={763–795} }


@article{Bruzual_2003,
   title={Stellar population synthesis at the resolution of 2003},
   volume={344},
   ISSN={1365-2966},
   url={http://dx.doi.org/10.1046/j.1365-8711.2003.06897.x},
   DOI={10.1046/j.1365-8711.2003.06897.x},
   number={4},
   journal={Monthly Notices of the Royal Astronomical Society},
   publisher={Oxford University Press (OUP)},
   author={Bruzual, G. and Charlot, S.},
   year={2003},
   month=oct, pages={1000–1028} }



@article{Calzetti_2000,
   title={The Dust Content and Opacity of Actively Star‐forming Galaxies},
   volume={533},
   ISSN={1538-4357},
   url={http://dx.doi.org/10.1086/308692},
   DOI={10.1086/308692},
   number={2},
   journal={The Astrophysical Journal},
   publisher={American Astronomical Society},
   author={Calzetti, Daniela and Armus, Lee and Bohlin, Ralph C. and Kinney, Anne L. and Koornneef, Jan and Storchi‐Bergmann, Thaisa},
   year={2000},
   month=apr, pages={682–695} }


@article{Leitherer_2002,
   doi = {10.1086/340902},
   url = {https://dx.doi.org/10.1086/340902},
   year = {2002},
   month = {jul},
   publisher = {},
   volume = {574},
   number = {1},
   pages = {114},
   author = {Claus Leitherer and Daniela Calzetti and Lucimara P. Martins},
   title = {Ultraviolet Spectra of Star-forming Galaxies with Time-dependent Dust Obscuration},
   journal = {The Astrophysical Journal}}


@article{Kennicutt_1998,
   title={The Global Schmidt Law in Star‐forming Galaxies},
   volume={498},
   ISSN={1538-4357},
   url={http://dx.doi.org/10.1086/305588},
   DOI={10.1086/305588},
   number={2},
   journal={The Astrophysical Journal},
   publisher={American Astronomical Society},
   author={Kennicutt, Jr., Robert C.},
   year={1998},
   month=may, pages={541–552} }


@article{McBride_2009,
   title={Mass accretion rates and histories of dark matter haloes},
   volume={398},
   ISSN={1365-2966},
   url={http://dx.doi.org/10.1111/j.1365-2966.2009.15329.x},
   DOI={10.1111/j.1365-2966.2009.15329.x},
   number={4},
   journal={MNRAS},
   publisher={Oxford University Press (OUP)},
   author={McBride, James and Fakhouri, Onsi and Ma, Chung-Pei},
   year={2009},
   month=oct, pages={1858–1868} }


@article{Moster_2012,
   title={Galactic star formation and accretion histories from matching galaxies to dark matter haloes},
   volume={428},
   ISSN={1365-2966},
   url={http://dx.doi.org/10.1093/mnras/sts261},
   DOI={10.1093/mnras/sts261},
   number={4},
   journal={MNRAS},
   publisher={Oxford University Press (OUP)},
   author={Moster, Benjamin P. and Naab, Thorsten and White, Simon D. M.},
   year={2012},
   month=dec, pages={3121–3138} }


@article{Dave_2011,
   title={An analytic model for the evolution of the stellar, gas and metal content of galaxies: An analytic model for galaxy evolution},
   ISSN={0035-8711},
   url={http://dx.doi.org/10.1111/j.1365-2966.2011.20148.x},
   DOI={10.1111/j.1365-2966.2011.20148.x},
   journal={MNRAS},
   publisher={Oxford University Press (OUP)},
   author={Davé, Romeel and Finlator, Kristian and Oppenheimer, Benjamin D.},
   year={2011},
   month=dec, pages={no-no} }
